@ARTICLE{Agostinelli:2003,
	author = {Agostinelli, S. and others},
    title = {{G}\textsc{eant4} - a simulation toolkit},
	journal = {Nuclear Instruments and Methods in Physics Research Section A},
    year = {2003},
    volume = {506},
    issue = {3},
    month = {July}
}

@ARTICLE{Miller:2005,
	author = {Miller, S. and others},
    title = {{R}ecent advances in columnar {C}s{I}({T}l) scintillator screens},
	journal = {Proc. SPIE},
    year = {2005},
    volume = {5923},
    issue = {59230F-1-10},
    month = {July}
}

@ONLINE{Lennox,
	author = {Lennox, J.},
    title = {Biofilm Primer},
    url = {http://www.personal.psu.edu/faculty/j/e/jel5/biofilms/primer.html}
}